<?xml version="1.0" encoding="UTF-8"?><collection xmlns="http://www.loc.gov/MARC21/slim"><record><leader>00432nam--2200157-i-4500</leader><controlfield tag="001">000035241</controlfield><controlfield tag="002">20161230</controlfield><controlfield tag="005">20170209172448</controlfield><controlfield tag="008">060222s1000------------r-----000-0-eng-d</controlfield><datafield ind1=" " ind2=" " tag="080"><subfield code="a">530.12(081)</subfield></datafield><datafield ind1=" " ind2=" " tag="100"><subfield code="a">Pauli, Wolfgang</subfield></datafield><datafield ind1=" " ind2=" " tag="245"><subfield code="a">Collected scientific papers. Edited by R.Kronig and V.F.Weisskopf</subfield></datafield><datafield ind1=" " ind2=" " tag="260"><subfield code="a">New York</subfield><subfield code="b">Interscience Publ</subfield><subfield code="c">1964</subfield></datafield><datafield ind1=" " ind2=" " tag="300"><subfield code="a">XXVII + 1133 p</subfield></datafield><datafield ind1=" " ind2=" " tag="852"><subfield code="a">19917</subfield></datafield><datafield ind1=" " ind2=" " tag="CAT"><subfield code="a">SYS</subfield><subfield code="c">20170209</subfield><subfield code="h">172448</subfield></datafield></record></collection>